<record><leader>00000cas a2200000 a 4500</leader><controlfield tag="001">48537239</controlfield><controlfield tag="008">011205d19992009scudn ne      0    0eng c</controlfield><datafield ind1=" " ind2=" " tag="010"><subfield code="a">  2012271285</subfield></datafield><datafield ind1=" " ind2=" " tag="040"><subfield code="a">SUC</subfield><subfield code="b">eng</subfield><subfield code="c">SUC</subfield><subfield code="d">OCLCQ</subfield><subfield code="d">SUC</subfield><subfield code="d">OCLCF</subfield></datafield><datafield ind1=" " ind2=" " tag="042"><subfield code="a">pcc</subfield></datafield><datafield ind1=" " ind2=" " tag="043"><subfield code="a">n-us-sc</subfield></datafield><datafield ind1="0" ind2=" " tag="130"><subfield code="a">Daily journal (Seneca, S.C.)</subfield></datafield><datafield ind1="1" ind2="0" tag="245"><subfield code="a">Daily journal.</subfield></datafield><datafield ind1=" " ind2=" " tag="260"><subfield code="a">Seneca, S.C. :</subfield><subfield code="b">Oconee Pub.</subfield></datafield><datafield ind1=" " ind2=" " tag="300"><subfield code="a">5 v.</subfield></datafield><datafield ind1=" " ind2=" " tag="310"><subfield code="a">Daily (except Sun. &amp; Mon.)</subfield></datafield><datafield ind1="1" ind2=" " tag="362"><subfield code="a">Began with Sept. 21, 1999; ceased with Sept. 30, 2009.</subfield></datafield><datafield ind1=" " ind2=" " tag="580"><subfield code="a">Formed by the union of: Journal/tribune (Seneca, S.C.), and: Messenger (Seneca, S.C.).</subfield></datafield><datafield ind1=" " ind2=" " tag="580"><subfield code="a">Merged with: Daily messenger (Seneca, S.C.), to form: Journal (Seneca, S.C.).</subfield></datafield><datafield ind1=" " ind2=" " tag="588"><subfield code="a">Description based on: Vol. 100, no. 5 (Sept. 21, 1999).</subfield></datafield><datafield ind1=" " ind2=" " tag="588"><subfield code="a">Latest consulted: Vol. 105, no. 184 (Sept. 30, 2009).</subfield></datafield><datafield ind1=" " ind2="0" tag="651"><subfield code="a">Oconee County (S.C.)</subfield><subfield code="v">Newspapers.</subfield></datafield><datafield ind1=" " ind2="7" tag="655"><subfield code="a">Newspapers.</subfield><subfield code="2">fast</subfield><subfield code="0">(OCoLC)fst01423814</subfield></datafield><datafield ind1=" " ind2="7" tag="651"><subfield code="a">South Carolina</subfield><subfield code="z">Oconee County.</subfield><subfield code="2">fast</subfield><subfield code="0">(OCoLC)fst01221072</subfield></datafield><datafield ind1=" " ind2=" " tag="752"><subfield code="a">United States</subfield><subfield code="b">South Carolina</subfield><subfield code="c">Oconee</subfield><subfield code="d">Seneca.</subfield></datafield><datafield ind1="1" ind2="4" tag="780"><subfield code="t">Journal/tribune (Seneca, S.C.)</subfield><subfield code="w">(DLC)sn 93067654</subfield><subfield code="w">(OCoLC)27827987</subfield></datafield><datafield ind1="1" ind2="4" tag="780"><subfield code="t">Messenger (Seneca, S.C.)</subfield><subfield code="w">(DLC)sn 93067653</subfield><subfield code="w">(OCoLC)27827958</subfield></datafield><datafield ind1="1" ind2="7" tag="785"><subfield code="t">Daily messenger (Seneca, S.C.)</subfield></datafield><datafield ind1="1" ind2="7" tag="785"><subfield code="t">Journal (Seneca, S.C.)</subfield><subfield code="w">(OCoLC)488729577</subfield></datafield></record>